<record><leader>00000cas a22000007a 4500</leader><controlfield tag="001">16743053</controlfield><controlfield tag="008">870924d19521960txusr ne      0    0eng d</controlfield><datafield ind1=" " ind2=" " tag="010"><subfield code="a">sn 87090833 </subfield></datafield><datafield ind1=" " ind2=" " tag="040"><subfield code="a">PPM</subfield><subfield code="b">eng</subfield><subfield code="c">PPM</subfield><subfield code="d">OCLCQ</subfield></datafield><datafield ind1=" " ind2=" " tag="042"><subfield code="a">msc</subfield></datafield><datafield ind1="0" ind2=" " tag="130"><subfield code="a">Texas Christian advocate (Fort Worth, Tex. : 1952)</subfield></datafield><datafield ind1="1" ind2="0" tag="245"><subfield code="a">Texas Christian advocate.</subfield></datafield><datafield ind1=" " ind2=" " tag="260"><subfield code="a">Fort Worth, Tex. :</subfield><subfield code="b">Methodist Church</subfield></datafield><datafield ind1=" " ind2=" " tag="310"><subfield code="a">Semimonthly</subfield></datafield><datafield ind1="0" ind2=" " tag="362"><subfield code="a">Vol. 99, no. 1 (May 29, 1952)-v. 106, no. 40 (Mar. 11, 1960).</subfield></datafield><datafield ind1=" " ind2=" " tag="752"><subfield code="a">United States</subfield><subfield code="b">Texas</subfield><subfield code="c">Tarrant</subfield><subfield code="d">Fort Worth.</subfield></datafield><datafield ind1="0" ind2="0" tag="780"><subfield code="t">Southwestern advocate (Dallas, Tex.)</subfield><subfield code="w">(DLC)sn 86090714</subfield></datafield><datafield ind1="0" ind2="0" tag="785"><subfield code="t">Texas Methodist</subfield><subfield code="w">(DLC)sn 87090993</subfield></datafield></record>